{
  "leader": "03169cam a2200589 a 4500",
  "fields": [
    {
      "001": "ocm56874664\\"
    },
    {
      "003": "OCoLC"
    },
    {
      "005": "20221230090110.0"
    },
    {
      "008": "041015s2005\\\\\\\\quca\\\\\\\\\\b\\\\\\\\001\\0\\eng\\\\"
    },
    {
      "010": {
        "ind1": "\\",
        "ind2": "\\",
        "subfields": [
          {
            "a": "  2007275371"
          }
        ]
      }
    },
    {
      "040": {
        "ind1": "\\",
        "ind2": "\\",
        "subfields": [
          {
            "a": "NLM"
          },
          {
            "b": "eng"
          },
          {
            "c": "NLM"
          },
          {
            "d": "NLC"
          },
          {
            "d": "C#P"
          },
          {
            "d": "CLU"
          },
          {
            "d": "BAKER"
          },
          {
            "d": "YDXCP"
          },
          {
            "d": "CGC"
          },
          {
            "d": "BTCTA"
          },
          {
            "d": "DLC"
          },
          {
            "d": "BDX"
          },
          {
            "d": "OCLCF"
          },
          {
            "d": "AUW"
          },
          {
            "d": "OCLCO"
          },
          {
            "d": "OCLCQ"
          },
          {
            "d": "OCLCO"
          },
          {
            "d": "OCLCA"
          },
          {
            "d": "OCLCQ"
          },
          {
            "d": "OCLCO"
          },
          {
            "d": "VTU"
          },
          {
            "d": "OCLCA"
          },
          {
            "d": "BRX"
          },
          {
            "d": "SXB"
          },
          {
            "d": "OCLCQ"
          },
          {
            "d": "DGN"
          },
          {
            "d": "OCLCO"
          },
          {
            "d": "OCLCQ"
          }
        ]
      }
    },
    {
      "016": {
        "ind1": "\\",
        "ind2": "\\",
        "subfields": [
          {
            "a": "(AMICUS)000030693204"
          }
        ]
      }
    },
    {
      "016": {
        "ind1": "7",
        "ind2": "\\",
        "subfields": [
          {
            "a": "101279362"
          },
          {
            "2": "DNLM"
          }
        ]
      }
    },
    {
      "020": {
        "ind1": "\\",
        "ind2": "\\",
        "subfields": [
          {
            "a": "9780773528970"
          }
        ]
      }
    },
    {
      "020": {
        "ind1": "\\",
        "ind2": "\\",
        "subfields": [
          {
            "a": "0773528970"
          }
        ]
      }
    },
    {
      "035": {
        "ind1": "\\",
        "ind2": "\\",
        "subfields": [
          {
            "a": "(OCoLC)56874664"
          }
        ]
      }
    },
    {
      "042": {
        "ind1": "\\",
        "ind2": "\\",
        "subfields": [
          {
            "a": "nlmcopyc"
          }
        ]
      }
    },
    {
      "043": {
        "ind1": "\\",
        "ind2": "\\",
        "subfields": [
          {
            "a": "n-cn---"
          }
        ]
      }
    },
    {
      "050": {
        "ind1": "\\",
        "ind2": "4",
        "subfields": [
          {
            "a": "R749.A6"
          },
          {
            "b": "F43 2005"
          }
        ]
      }
    },
    {
      "082": {
        "ind1": "0",
        "ind2": "4",
        "subfields": [
          {
            "a": "610.711713"
          },
          {
            "b": "FED"
          }
        ]
      }
    },
    {
      "100": {
        "ind1": "1",
        "ind2": "\\",
        "subfields": [
          {
            "a": "Fedunkiw, Marianne,"
          },
          {
            "d": "1965-"
          }
        ]
      }
    },
    {
      "245": {
        "ind1": "1",
        "ind2": "0",
        "subfields": [
          {
            "a": "Rockefeller Foundation funding and medical education in Toronto, Montreal, and Halifax /"
          },
          {
            "c": "Marianne P. Fedunkiw."
          }
        ]
      }
    },
    {
      "260": {
        "ind1": "\\",
        "ind2": "\\",
        "subfields": [
          {
            "a": "Montreal ;"
          },
          {
            "a": "Ithaca :"
          },
          {
            "b": "McGill-Queen's University Press,"
          },
          {
            "c": "\u00a92005."
          }
        ]
      }
    },
    {
      "300": {
        "ind1": "\\",
        "ind2": "\\",
        "subfields": [
          {
            "a": "xiv, 201 pages :"
          },
          {
            "b": "illustrations ;"
          },
          {
            "c": "24 cm"
          }
        ]
      }
    },
    {
      "336": {
        "ind1": "\\",
        "ind2": "\\",
        "subfields": [
          {
            "a": "text"
          },
          {
            "b": "txt"
          },
          {
            "2": "rdacontent"
          }
        ]
      }
    },
    {
      "337": {
        "ind1": "\\",
        "ind2": "\\",
        "subfields": [
          {
            "a": "unmediated"
          },
          {
            "b": "n"
          },
          {
            "2": "rdamedia"
          }
        ]
      }
    },
    {
      "338": {
        "ind1": "\\",
        "ind2": "\\",
        "subfields": [
          {
            "a": "volume"
          },
          {
            "b": "nc"
          },
          {
            "2": "rdacarrier"
          }
        ]
      }
    },
    {
      "490": {
        "ind1": "1",
        "ind2": "\\",
        "subfields": [
          {
            "a": "McGill-Queen's Associated Medical Services studies in the history of medicine, health and society ;"
          },
          {
            "v": "24"
          }
        ]
      }
    },
    {
      "504": {
        "ind1": "\\",
        "ind2": "\\",
        "subfields": [
          {
            "a": "Includes bibliographical references (pages 179-191) and index."
          }
        ]
      }
    },
    {
      "520": {
        "ind1": "1",
        "ind2": "\\",
        "subfields": [
          {
            "a": "\"This is the first book to look at how a major philanthropic donation transformed medical education in Canada. Marianne Fedunkiw demonstrates how sizable donations from the Rockefeller Foundation and the Eatons made possible the introduction of full-time clinical teaching and encouraged greater public and private support for medical education.\"--Jacket"
          }
        ]
      }
    },
    {
      "505": {
        "ind1": "0",
        "ind2": "0",
        "subfields": [
          {
            "t": "Introduction : a tale of three cities --"
          },
          {
            "g": "1."
          },
          {
            "t": "Ripe for change : medical education in flux --"
          },
          {
            "g": "2."
          },
          {
            "t": "Rockefeller aid : which \"peaks to make higher\"? --"
          },
          {
            "g": "3."
          },
          {
            "t": "Turmoil in Toronto : the provincial university --"
          },
          {
            "g": "4."
          },
          {
            "t": "Building on strengths at McGill : the nation's university --"
          },
          {
            "g": "5."
          },
          {
            "t": "Bouncing back at Dalhousie : a regional university --"
          },
          {
            "t": "Conclusion : medical education transformed."
          }
        ]
      }
    },
    {
      "610": {
        "ind1": "2",
        "ind2": "0",
        "subfields": [
          {
            "a": "Rockefeller Foundation"
          },
          {
            "x": "History."
          }
        ]
      }
    },
    {
      "650": {
        "ind1": "\\",
        "ind2": "0",
        "subfields": [
          {
            "a": "Medical education"
          },
          {
            "z": "Canada"
          },
          {
            "x": "Finance"
          },
          {
            "x": "History."
          }
        ]
      }
    },
    {
      "650": {
        "ind1": "\\",
        "ind2": "0",
        "subfields": [
          {
            "a": "Medical education"
          },
          {
            "z": "Canada"
          },
          {
            "x": "History."
          }
        ]
      }
    },
    {
      "610": {
        "ind1": "2",
        "ind2": "2",
        "subfields": [
          {
            "a": "Rockefeller Foundation"
          }
        ]
      }
    },
    {
      "650": {
        "ind1": "1",
        "ind2": "2",
        "subfields": [
          {
            "a": "Foundations"
          },
          {
            "x": "history"
          }
        ]
      }
    },
    {
      "650": {
        "ind1": "1",
        "ind2": "2",
        "subfields": [
          {
            "a": "Education, Medical"
          },
          {
            "x": "history"
          }
        ]
      }
    },
    {
      "650": {
        "ind1": "2",
        "ind2": "2",
        "subfields": [
          {
            "a": "Education, Medical"
          },
          {
            "x": "economics"
          }
        ]
      }
    },
    {
      "650": {
        "ind1": "2",
        "ind2": "2",
        "subfields": [
          {
            "a": "Fund Raising"
          },
          {
            "x": "history"
          }
        ]
      }
    },
    {
      "650": {
        "ind1": "2",
        "ind2": "2",
        "subfields": [
          {
            "a": "History, 20th Century"
          }
        ]
      }
    },
    {
      "651": {
        "ind1": "\\",
        "ind2": "2",
        "subfields": [
          {
            "a": "Canada"
          }
        ]
      }
    },
    {
      "610": {
        "ind1": "2",
        "ind2": "7",
        "subfields": [
          {
            "a": "Rockefeller Foundation."
          },
          {
            "2": "fast"
          },
          {
            "0": "(OCoLC)fst00528303"
          }
        ]
      }
    },
    {
      "650": {
        "ind1": "\\",
        "ind2": "7",
        "subfields": [
          {
            "a": "Medical education."
          },
          {
            "2": "fast"
          },
          {
            "0": "(OCoLC)fst01014024"
          }
        ]
      }
    },
    {
      "650": {
        "ind1": "\\",
        "ind2": "7",
        "subfields": [
          {
            "a": "Medical education"
          },
          {
            "x": "Finance."
          },
          {
            "2": "fast"
          },
          {
            "0": "(OCoLC)fst01014034"
          }
        ]
      }
    },
    {
      "651": {
        "ind1": "\\",
        "ind2": "7",
        "subfields": [
          {
            "a": "Canada."
          },
          {
            "2": "fast"
          },
          {
            "0": "(OCoLC)fst01204310"
          }
        ]
      }
    },
    {
      "655": {
        "ind1": "\\",
        "ind2": "7",
        "subfields": [
          {
            "a": "History."
          },
          {
            "2": "fast"
          },
          {
            "0": "(OCoLC)fst01411628"
          }
        ]
      }
    },
    {
      "830": {
        "ind1": "\\",
        "ind2": "0",
        "subfields": [
          {
            "a": "McGill-Queen's/Associated Medical Services (Hannah Institute) studies in the history of medicine, health, and society ;"
          },
          {
            "v": "24."
          }
        ]
      }
    },
    {
      "856": {
        "ind1": "4",
        "ind2": "2",
        "subfields": [
          {
            "3": "Contributor biographical information"
          },
          {
            "u": "http://catdir.loc.gov/catdir/enhancements/fy1002/2007275371-b.html"
          }
        ]
      }
    },
    {
      "994": {
        "ind1": "\\",
        "ind2": "\\",
        "subfields": [
          {
            "a": "Z0"
          },
          {
            "b": "NYRVC"
          }
        ]
      }
    },
    {
      "948": {
        "ind1": "\\",
        "ind2": "\\",
        "subfields": [
          {
            "h": "NO HOLDINGS IN NYRVC - 72 OTHER HOLDINGS"
          }
        ]
      }
    },
    {
      "999": {
        "ind1": "\\",
        "ind2": "\\",
        "subfields": [
          {
            "a": "00000000012664"
          },
          {
            "b": "Copy 1"
          }
        ]
      }
    },
    {
      "999": {
        "ind1": "\\",
        "ind2": "\\",
        "subfields": [
          {
            "a": "00000000012668"
          },
          {
            "b": "Copy 2"
          }
        ]
      }
    }
  ]
}